
@book{Melczer2021,
  author =        {Melczer, Stephen},
  publisher =     {Springer International Publishing},
  series =        {Texts and Monographs in Symbolic Computation},
  title =         {An Invitation to Analytic Combinatorics: From One to
                   Several Variables},
  year =          {2021},
}

@book{PemantleWilson2013,
  author =        {Pemantle, Robin and Wilson, Mark C.},
  publisher =     {Cambridge University Press, Cambridge},
  series =        {Cambridge Studies in Advanced Mathematics},
  title =         {Analytic combinatorics in several variables},
  volume =        {140},
  year =          {2013},
}

@article{Apery4,
  author =        {Roger Apéry},
  journal =       {Journées Arith. de Luminy. Colloque International du
                   Centre National de la Recherche Scientifique (CNRS)),
                   Centre Universitaire de Luminy, Jun 20-24.
                   Astérisque},
  pages =         {11-13},
  title =         {Irrationalité de $\zeta(2)$ et $\zeta(3)$},
  volume =        {61},
  year =          {1979},
}

@book{FlajoletSedgewick2009,
  author =        {Flajolet, Philippe and Sedgewick, Robert},
  publisher =     {Cambridge University Press, Cambridge},
  title =         {Analytic combinatorics},
  year =          {2009},
}

@article{GreenwoodMelczerRuzaWilson2022,
  author =        {Greenwood, Torin and Melczer, Stephen and
                   Ruza, Tiadora and Wilson, Mark C.},
  journal =       {S\'{e}m. Lothar. Combin.},
  pages =         {Art. 30, 12},
  title =         {Asymptotics of coefficients of algebraic series via
                   embedding into rational series (extended abstract)},
  volume =        {86B},
  year =          {2022},
}

@article{PemantleWilson2008,
  author =        {Pemantle, Robin and Wilson, Mark C.},
  journal =       {SIAM Rev.},
  pages =         {199-272},
  title =         {Twenty combinatorial examples of asymptotics derived
                   from multivariate generating functions.},
  volume =        {50(2)},
  year =          {2008},
}

@article{PemantleWilson2002,
  author =        {Pemantle, Robin and Wilson, Mark C.},
  journal =       {J. Combin. Theory Ser. A},
  number =        {1},
  pages =         {129--161},
  title =         {Asymptotics of multivariate sequences. {I}. {S}mooth
                   points of the singular variety},
  volume =        {97},
  year =          {2002},
}

@article{BaryshnikovPemantle2011,
  author =        {Baryshnikov, Yuliy and Pemantle, Robin},
  journal =       {Adv. Math.},
  number =        {6},
  pages =         {3127--3206},
  title =         {Asymptotics of multivariate sequences, part {III}:
                   {Q}uadratic points},
  volume =        {228},
  year =          {2011},
}

@article{MelczerSalvy2021,
  author =        {Melczer, Stephen and Salvy, Bruno},
  journal =       {J. Symbolic Comput.},
  pages =         {234--279},
  title =         {Effective coefficient asymptotics of multivariate
                   rational functions via semi-numerical algorithms for
                   polynomial systems},
  volume =        {103},
  year =          {2021},
}

@article{Raichev2011,
  author =        {Raichev, Alexander},
  journal =       {ACM Commun. Comput. Algebra},
  number =        {3-4},
  pages =         {183--185},
  title =         {New software for computing asymptotics of
                   multivariate generating functions},
  volume =        {45},
  year =          {2011},
}

@article{Safey-El-DinSchost2018,
  author =        {Safey El Din, Mohab and Schost, {\'E}ric},
  journal =       {J. Symbolic Comput.},
  pages =         {176--206},
  title =         {Bit complexity for multi-homogeneous polynomial
                   system solving---{A}pplication to polynomial
                   minimization},
  volume =        {87},
  year =          {2018},
}

@phdthesis{Schost2001,
  author =        {Schost, {{\'E}}ric},
  title =         {Sur la r{\'e}solution des syst{\`e}mes polynomiaux
                   {\`a} param{\'e}tres},
  year =          {2001},
}

@article{GiustiLecerfSalvy2001,
  author =        {Giusti, Marc and Lecerf, Gr{{\'e}}goire and
                   Salvy, Bruno},
  journal =       {J. Complexity},
  number =        {1},
  pages =         {154--211},
  title =         {A {G}r{\"o}bner free alternative for polynomial
                   system solving},
  volume =        {17},
  year =          {2001},
}

